
@article{Haftel94,
   author = "M. I. Haftel and V. B. Mandelzweig",
   title = "Nonvariational Calculation of the Relativistic and Finite-size 
            corrections for the Helium Ground State",
   journal = "Physical Review A",
   volume = 49,
   number = 5,
   year = 1994,
   month = "May",
   pages = "3344"}


@book{BetheSalpeter,
   author = "Hans A. Bethe and Edwin E. Salpeter",
   title = "Quantum Mechanics of One- And Two-Electron Atoms",
   publisher = "Plenum",
   address = "New York", 
   year = 1977}


@article{Kleidienst81,
    author = "Heinz Kleindienst and Gerhard Pauli and Wolfgang M{\"{u}}ller",
    title = "Accurate Values for the Nonrelativistic Energies of the Lowest
              Singlet and Triplet S-States of the $^{4}${H}e-Isotop",
    journal = "Theoret. Chim. Acta",
    volume = 59,
    year = 1981,
    pages = "451"} 
    
@article{Pekeris60,
    author = "C. L. Pekeris",
    title = "1 $ ^{1}$S and 2 $ ^{3}$S States of Helium",
    journal = "Physical Review",
    volume = 115,
    number = 5,
    year = 1960,
    pages = "1216"} 


@article{Rybak89,
    author = "S. Rybak and K. Szalewicz",
    title = "An Accurate Calculation of the First-Order Interaction
             Energy  for the Helium Dimer",
    journal = "J. Chem. Phys.",
    volume = 91,
    number = 8,
    year = 1989,
    pages = "4779"}  

@article{Alexander90,
    author = "S. A. Alexander and H. J. Monkhorst and R. Roeland",
    title = "Obtaining Microhartree Accuracy for Two-Electron Systems
              with Random-Tempered Gaussian-Type Geminals",
    journal = "J. Chem. Phys.",
    volume = 93,
    number = 6,
    year = 1990,
    pages = "4230"}  


@article{Wenzel94,
    author = "Klaus B. Wenzel",
    title = "Rapidly Converging High-Precision {H}e Ground State Energies
       Through the use of Systematically Constructed {G}aussian Geminals",
    journal = "Chemical Physics Letters",
    volume = 224,
    year = 1994,
    pages = "155"} 

@article{Baker90,
    author = "Jonathan D. Baker and David E. Freund and Robert Nyden Hill and
            John D. Morgan III",
    title = "Radius of Convergence and Analytic Behaviour of the 1/{Z}
            Expansion",
    journal = "Physical Review A",
    volume = 41,
    number = 3,
    year = 1990,
    pages = "1247"}

@article{Drake88,
    author = "G. W. F. Drake",
    title = "High Precision Variational Calculations For The 1s$^{2}$ $^{1}${S}
                State of {H}$^{-}$ and 1s2s $^{3}${S} States of Helium",
    journal = "Nuclear Instruments and Methods in Physics Research B",
    volume = 31,
    year = 1988,
    pages = "7"}

@article{Thakkar94,
    author = "Ajit J. Thakkar and Toshikatsu Koga",
    title = "Ground-State Energies For The Helium Isoelectronic Series",
    journal = "Physical Review A",
    volume = 50,
    number = 1,
    year = 1994,
    pages = "854"}
  

@article{Pekeris58,
    author = "C. L. Pekeris",
    title = "Ground State of Two-Electron Atoms",
    journal = "Physical Review",
    volume = 112,
    number = 5,
    year = 1958,
    pages = "1649"}


@article{Koga95,
    author = "Toshikatsu Koga and Shinichi Morishita",
    title = "Optimal {K}inoshita Wave Functions for Heliumlike Atoms",
    journal = "Zeitschrift F{\"{u}}r Physik D",
    volume = 34,
    year = 1995,
    pages = "71"}


@article{Lykke91,
    author = "K. R. Lykke and K. K. Murray and W. C. Lineberger",
    title = "Threshold Photodetachment of {H}$^{-}$",
    journal = "Physical Review A",
    volume = 43,
    number = 11,
    year = 1991,
    pages = "6104"}


@article{Frankowski66,
    author = "K. Frankowski and C. L. Pekeris",
    title = "Logarithmic Terms in the Wave Functions of the Ground
             State of Two-Electron Atoms",
    journal = "Physical Review",
    volume = 146,
    number = 1,
    year = 1966,
    pages = "46"}


@article{Ackermann95,
    author = "J{\"{o}}rg Ackermann",
    title = "Finite-Element-Method Expectation Values for
             Correlated Two-Electron Wave Functions",
    journal = "Physical Review A",
    volume = 52,
    number = 3,
    year = 1995,
    pages = "1968"}


@article{Pekeris62,
    author = "C. L. Pekeris",
    title = "1$ ^{1}${S}, 2$ ^{1}${S} and 2$ ^{3}${S} States of
             {H}$^{-}$ and of {H}e",
    journal = "Physical Review",
    volume = 126,
    number = 4,
    year = 1962,
    pages = "1470"}


@article{Kinoshita95,
    author = "Toichiro Kinoshita",
    title = "New Value of the ${\alpha}^3$ Electron Anomalous
             Magnetic Moment",
    journal = "Physical Review Letters",
    volume = 75,
    number = 26,
    year = 1995,
    pages = "4728"}


@article{Petley92,
    author = "Brian W. Petley",
    title = "The Fundamental Constants of Physics and Spectroscopy",
    journal = "Physica Scripta",
    volume = "T40",
    year = 1992,
    pages = "5"}

@article{Audi93,
    author = "G. Audi and A. H. Wapstra",
    title = "The 1993 Atomic Mass evaluation",
    journal = "Nuclear Physics A",
    volume = 565,
    year = 1993,
    pages = "1"}


@article{codata86,
    author = "E. R. Cohen and B. N. Taylor",
    title = "The 1986 CODATA Recomendee Values of the 
             Fundamental Physical Constants",
    journal = "Journal of Research of the National Bureau of Standards",
    volume = 92,
    year = 1987,
    pages = "85",
    note = "Also available on the World Wide Web at;
        http://physics.nist.gov/PhysRefData/codata86/codata86.html}


@article{Feldmann75,
    author = "D. Feldmann",
    title = "Photodetachment Measurements of {H}$ ^{-} $ Near Threshold",
    journal = "Physics Letters",
    volume = "53A",
    number = 1,
    year = 1975,
    pages = "82"}


@article{McCulloh74,
    author = "K. E. Mc{C}ulloh and James A. Walker",
    title = "Photodissociative Formation of Ion Pairs From Molecular Hydrogen
             and the Electron Affinity of the Hydrogen Atom",
    journal = "Chemical Physics Letters",
    volume = 25,
    number = 3,
    year = 1974,
    pages = "439"}


@article{Scherk79,
    author = "Leonard R. Scherk",
    title = "An Improved Value for the Electron Affinity of the Negative
             Hydrogen Ion",
    journal = "Canadain Journal of Physics",
    volume = 57,
    year = 1979,
    pages = "558"}


@article{Chupka75,
    author = "W. A. Chupka and P. M. Dehmer and W. T. Jivery",
    title = "High Resolution Photoionization Study of Ion-Pair Formation
             in {H}$ _{2}$, {H}{D}, and {D}$ _{2}$ ",
    journal = "Journal of Chemical Physics",
    volume = 63,
    number = 9,
    year = 1975,
    pages = "3929"}

@book{Drake96,
   author = "G. W. F. Drake",
   title = "Atomic, Molecular, and Optical Physics Handbook",
   publisher = "American Institute of Physics",
   address = "Woodbury New York", 
   year = 1996}

