

  
@book{Friedman90int,
    author = "Benard Friedman",
    title = "Principles and Techniques of Applied Mathematics",
    chapter = 2,
    pages = 107,
    publisher = "Dover",
    year = 1990}
   
@book{MagNeud88,
    author = "Jan R. Magnus and Heinz Neudecker",
    title = "Matrix Differential Calculus with Applications in 
    		Statistics and Econometrics",
    publisher = "John Wiley and Sons",
    year = 1988}

@book{Magnus88,
    author = "Jan R. Magnus",
    title = "Linear Structures",
    publisher = "Charles Griffin and Company LTD",
    year = 1988}
    
@book{RaoMitra71,
    author = "C. R. Rao and S. K. Mitra",
    title = "Generalized Inverse of Matrices and  Its Applications",
    publisher = "John Wiley and Sons",
    year = 1971}    

@book{BenIsrael74,
    author = "Adi Ben-Israel and Thomas N. E. Greville",
    title = "Generalized Inverses Theory and Applications",
    publisher = "John Wiley and Sons",
    year = 1974}
    
@book{HornJohnson91,
    author = "Roger A. Horn and Charles R. Johnson",
    title = "Topics in Matrix Analysis",
    publisher = "Cambridge University Press",
    year = 1991}
    
@book{Graham81,
    author = "Alexander Graham",
    title = "{K}ronecker Products and Matrix Calculus with Applications",
    publisher = "Ellis Horwood Limited",
    year = 1981}
    
@book{Steeb91,
    author = "Willi-Hans Steeb",
    title = "{K}ronecker Product of Matrices and Applications",
    publisher = "Wissenschaftverlag",
    year = 1991}
    
@book{Rogers80,
    author = "G. S. Rogers",
    title = "Matrix Derivatives",
    publisher = "Marcel Dekker",
    year = 1980}
    
@book{Balestra75,
    author = "P. Balestra",
    title = "La D\'{e}rivation Matricirlle : 
    		technique et resultats pour economistes",
    publisher = "Sirey",
    year = 1975}
    
@article{Kinghorn93,
    author = "Donald B. Kinghorn and R. D. Poshusta",
    title = "Nonadiabatic Variational Calculations on Dipositronium
    			Using Explicitly Correlated {G}aussian Basis Functions",
    journal = "Physical Review A",
    volume = 47,
    number = 5,
    year = 1993,
    month = "May",
    pages = "3671"}
    
@article{MagNeud85,
    author = "Jan R. Magnus and H. Neudecker",
    title = "Matric Differential Calculus with Applications to
    			Simple, Hadamard, and Kronecker Products",
    journal = "Journal of Mathematical Psychology",
    volume = 29,
    year = 1985,
    pages = "474"}
    
@article{Pollock85,
    author = "D. S. G. Pollock",
    title = "Tensor Products and Matrix Differential Calculus",
    journal = "Linear Algebra and its Applications",
    volume = 67,
    year = 1985,
    pages = "169"}
    
@article{Styan73,
    author = "George P. H. Styan",
    title = "{H}adamard Products and Multivariate Statistical Analysis",
    journal = "Linear Algebra and its Applications",
    volume = 6,
    year = 1973,
    pages = "217"} 
    
@incollection{Searle78,
	author = "S. R. Searle",
	title = "A Univatiate Formulation of the Multivariate Linear Model",
	booktitle = "Contributions to Survey Sampling and Applied Statistics,
					Papers in Honor of {H}. {O}. {H}artley",
	editor = "H. A. David",				
	publisher = "Academic Press",
	pages = "181-189",
	year =1978}

@article{HendersonSearle79,
    author = "Harold V. Henderson and S. R. Searle",
    title = "Vec and Vech Operators for Matrices, With Some Uses In
    			{J}acobians and Multivariate Statistics",
    journal = "Canadian Journal of Statistics",
    volume = 7,
    number = 1,
    year = 1979,
    pages = "65"}
    
@article{HendersonSearle80,
    author = "Harold V. Henderson and S. R. Searle",
    title = "The Vec-Permutation Matrix, The Vec Operator and {k}ronecker
    			Products: A Review",
    journal = "Linear and Multilinear Algebra",
    volume = 9,
    year = 1981,
    pages = "271"}
    
@article{Magnus83,
    author = "Jan R. Magnus",
    title = "L-Structured Matrices and Linear Matrix Equations",
    journal = "Linear and Multilinear Algebra",
    volume = 14,
    year = 1983,
    pages = "67"}
    
@article{Kozlowski93,
    author = "Pawel M. Kozlowski and Ludwik Adamowicz",
    title = "Equivalent Quantum Approach to Nuclei and Electrons in Molecules",
    journal = "Chemical Reviews",
    volume = 93,
    year = 1993,
    pages = "2007"}
    
@article{Zhang94,
    author = "Zhenghong Zhang and Pawel M. Kozlowski and Ludwik Adamowicz",
    title = "Newton Raphson Optimization of the Explicitly Correlated Gaussian
    			Functions for Calculations of the Ground State of the
    			Helium Atom",
    journal = "Journal of Computational Chemistry",
    volume = 15,
    number = 1,
    year = 1994,
    pages = "54"} 
    
@article{NashTN,
    author = "Stephen G. Nash",
    title = "Newton-Type Minimization Via The {L}anczos Method",
    journal = "SIAM J. Numer. Anal.",
    volume = 21,
    number = 4,
    year = 1984,
    pages = "770"}  
    
@book{DennisSchnabel83,
    author = "J. E. Dennis and R. B. Schnabel",
    title = "Numerical Methods for Unconstrained Optimization and Nonlinear
    			Equations",
    publisher = "Prentice-Hall",
    year = 1983}  
    
@book{GillMurrayWright81,
    author = "P. E. Gill and W. Murray and M. H. Wright",
    title = "Practical Optimization",
    publisher = "Academic Press",
    year = 1981} 
    
@book{Luenberger84,
    author = "D. G. Luenberger",
    title = "Linear and Nonlinear Programming",
    publisher = "Addison-Wesley",
    year = 1984}
    
@misc{netlib,
	note = "netlib can be accesed by ftp at netlib@ornl.gov and 
			netlib@research.att.com or by 
			World Wide Web access at http://www.netlib.org"}

@article{Gay83,
    author = "David M. Gay",
    title = "Algorithm 611: Subroutines for Unconstrained Minimization
    		 Using a Model/Trust-Region Approach",
    journal = "ACM Transactions on Mathematical Software",
    volume = 9,
    number = 4,
    year = 1983,
    pages = "503"}
    
@article{Powell77,
    author = "M. J. D. Powell",
    title = "Restart Procedures for the Conjugate Gradient Method",
    journal = "Mathematical Programming",
    volume = 29,
    year = 1977,
    pages = "297"} 
    


@article{Kozlowski93b,
    author = "Pawel Kozlowski and Ludwik Adamowicz",
    title = "Nonadiabatic Variational Calculations for the Ground State
    		 of the Positronium Molecule",
    journal = "Physical Review A",
    volume = 48,
    number = 3,
    year = 1993,
    pages = "1903"}
    
@article{Bunge76,
    author = "Carlos F. Bunge",
    title = "Accurate Determination of the Total Electronic Energy of 
    			the Be Ground State",
    journal = "Physical Review A",
    volume = 14,
    number = 6,
    year = 1976,
    pages = "1965"}

@article{Schwegler93,
    author = "Eric Schwegler and Pawel Kozlowski and Ludik Adamowicz",
    title = "Application of Explicitly Correlated Gaussian Functions for
    			Calculations of the Ground State Energy of the Beryllium Atom",
    journal = "Journal of Computational Chemistry",
    volume = 14,
    number = 5,
    year = 1993,
    pages = "566"}
    
@book{NRinFortran,
    author = "William H. Press and Saul A. Teukolsky and William T. Vetterling and
    			Brian P. Flannery",
    title = "Numerical Recipes in Fortran",
    publisher = "Cambridge University Press",
    year = 1992} 
    
@book{LAPACK,
	note = "LAPACK is a collection of linear algebra subprograms
		 designed for efficiency on modern high performance computers.
		 LAPACK source is available from netlib.",
	title = "LAPACK User's Guide Second Edition",
	author = "E. Anderson and others",
	publisher = "SIAM",
	year = 1995}
	
@misc{MATLAB,
	note = "MATLAB is a general purpose program for interactive
		numeric computation available from: The Math Works, Inc.
		Cochituate Place 24 Prime Park Way Natick, MA 01760
		Phone: (508) 653-1415 e-mail info@mathworks.com"}

@misc{IMSL,
	note = "IMSL, Inc. One Sugar Creek Place 14141 Southwest
		Freeway Sugar Land, TX 77478 Phone: (713) 242-6776"}
		
@article{Kinghorn95a,
    author = "Donald B. Kinghorn",
    title = "Integrals and Derivatives for Correlated Gaussian Functions
    		using Matrix Differential Calculus",
    journal = "International Journal of Quantum Chemistry", 
    volume = 57,
    number = 2,
    year = 1996,
    pages = "141"}
    
@article{Kinghorn95b,
    author = "Donald B. Kinghorn and R. D. Poshusta",
    title = "Implementation of Gradient Formulas for
    	 Correlated Gaussians: $ ^{4}$He, $ ^{\infty}$He, Ps$_{2}$, 
    	 $ ^{9}$Be and $ ^{\infty}$Be Test Results",
    journal = "International Journal of Quantum Chemistry",
    year = 1995,
    note = "in press"}
    
@book{Nazareth94,
    author = "J. L. Nazareth",
    title = "The Newton-Cauchy Framework A unified Approach to 
    	Unconstrained Nonlinear Minimization",
    publisher = "Springer-Verlag",
    year = 1994}

@article{Varga96,
    author = "K. Varga and Y. Suzuki",
    title = "Precise Solution of Few-Body Problems with Stochastic
        Variational Method on Correlated Gaussian Basis",
    journal = "Physical Review C",
    year = 1996,
    note = "in press"} 


 
@article{Komasa95,
    author = "Jacek Komasa and Wojciech Cencek and Jacek Rychlewski",
    title = "Explicitly Correlated Gaussian Functions in Variational Calculations:
                The Ground State of the Beryllium Atom",
    journal = "Physical Review A",
    volume = 52,
    number = 6,
    year = 1995,
    pages = "4500"}   


