

@article{Lee,
  author = "Michael A. Lee and P. Vashista and R. K. Kalia",
  title = "Ground State of Excitonic Molecules by the {G}reen's-Function Monte Carlo Method",
  journal = "Physical Review Letters",
  volume = 51,
  number = 26,
  year = 1983,
  month = "December",
  pages = "2422"}
  
@article{Ho86,
  author = "Y. K. Ho",
  title = "Binding Energy of Positronium Molecules",
  journal = "Physical Review A",
  volume = 33,
  number = 5,
  year = 1986,
  month = "May",
  pages = "3584"}  
 
@article{Wapstra,
  author = "A. H. Wapstra",
  title = "The 1983 Atomic Mass Evaluation",
  journal = "Nuclear Physics",
  volume = "A432",
  year = 1985,
  month = "January",
  pages = "1"}
  
@article{Boys,
  author = "S. F. Boys",
  title = "The Integral Formulae for the Variational Solution of the Molecular Many-Electron Wave Equation in terms of {G}aussian Functions with Direct Electronic Correlation",
  journal = "Proc. Roy. Soc. Lond.",
  volume = "A258",
  year = 1960,
  pages = "402"}  
 
@article{Singer1,
  author = "K. Singer",
  title = "The use of {G}aussian (Exponential Quadratic) Wave Functions in Molecular Problems {I}. {G}eneral Formula for the Evaluation of Integrals",
  journal = "Proc. Roy. Soc. Lond.",
  volume = "A258",
  year = 1960,
  pages = "412"} 
  
@article{Longstaff,
  author = "J. V. L. Longstaff and K. Singer",
  title = "The use of {G}aussian (Exponential Quadratic) Wave Functions in Molecular Problems {II}. {W}ave Functions for the Ground States of the Hydrogen Atom and of the Hydrogen Molecule",
  journal = "Proc. Roy. Soc. Lond.",
  volume = "A258",
  year = 1960,
  pages = "421"}
  
 
@article{Lester,
  author = "{Lester Jr.}, William A. and Morris Krauss",
  title = "Gaussian Correlation Functions: Two-Electron Systems",
  journal = "The Journal of Chemical Physics",
  volume = 41,
  number = 5,
  year = 1964,
  month = "September",
  pages = "1407"}
  
@article{Pan70,
  author = "Kee-Chuan Pan and Harry F. King",
  title = "Gaussian Correlation Functions: Two-Electron Systems",
  journal = "The Journal of Chemical Physics",
  volume = 53,
  number = 5,
  year = 1970,
  pages = "4397"}

@article{Pan72,
  author = "Kee-Chuan Pan and Harry F. King",
  title = "Electron Correlation in Closed Shell Systems. {I}. {P}erturbation Theory Using {G}aussian-Type Geminals",
  journal = "The Journal of Chemical Physics",
  volume = 56,
  number = 9,
  year = 1972,
  month = "May",
  pages = "4667"}  
  
@article{Fraser,
  author = "S. J. Fraser and J. W. Linnett",
  title = "The Use of Correlated {G}aussian Wavefunctions for the Calculation of Chemical Energies for Small Systems",
  journal = "Theoret. chim. Acta",
  volume = 28,
  year = 1972,
  pages = "13"}   
  
@article{Handy,
  author = "N. C. Handy",
  title = "Correlated {G}aussian Wavefunctions",
  journal = "Molecular Physics",
  volume = 26,
  number = 1,
  year = 1973,
  pages = "169"}
  
@article{Salmon,
  author = "Lydia Salmon and R. D. Poshusta",
  title = "Correlated Gaussian Wavefunctions for the {H}$_{3}^{+}$ ion",
  journal = "The Journal of Chemical Physics",
  volume = 59,
  number = 7,
  year = 1973,
  pages = "3497"}
  
@article{Adamowicz77:1,
  author = "Ludwik Adamowicz and Andrzej J. Sadlej",
  title = "Gaussian Geminal Basis Set Optimization with Crude {SCF} Reference State",
  journal = "Chemical Physics Letters",
  volume = 48,
  number = 2,
  year = 1977,
  month = "June",
  pages = "305"}
  
@article{Adamowicz77:2,
  author = "Ludwik Adamowicz and Andrzej J. Sadlej",
  title = "Perturbation Calculation of Molecular Correlation Energy Using {G}aussian-Type Geminals. {S}econd- and Third-Order Pair Energy of {H}$_2$",
  journal = "The Journal of Chemical Physics",
  volume = 67,
  number = 9,
  year = 1977,
  month = "November",
  pages = "4298"}
  
@article{Adamowicz78:1,
  author = "Ludwik Adamowicz",
  title = "Gaussian Geminals Applied for the Molecular Correlation Energy Calculation",
  journal = "Acta Physica Polonica",
  volume = "A53",
  number = 3,
  year = 1978,
  pages = "471"}
  
@article{Adamowicz78:2,
  author = "Ludwik Adamowicz and Andrzej J. Sadlej",
  title = "Perturbation Calculation of Molecular Correlation Energy Using {G}aussian-Type Geminals. {S}econd-Order Pair Energies of the First-Row Diatomic Hydrides from Minimal {G}aussian Geminal Basis Sets",
  journal = "Acta Physica Polonica",
  volume = "A54",
  number = 1,
  year = 1978,
  pages = "73"}
  
@article{Adamowicz78:3,
  author = "Ludwik Adamowicz and Andrzej J. Sadlej",
  title = "Perturbation Calculation of Molecular Correlation Energy Using {G}aussian-Type Geminals. {S}econd-Order Pair Energies of {LiH} and {BH}",
  journal = "The Journal of Chemical Physics",
  volume = 69,
  number = 9,
  year = 1978,
  month = "November",
  pages = "3992"}
  
@article{Jeziorski79,
  author = "Bogumil Jeziorski and Krzysztof Szalewicz",
  title = "High-Accuracy Compton Profile of Molecular Hydrogen from Explicitly Correlated {G}aussian Wave Function",
  journal = "Physical Review A",
  volume = 19,
  number = 6,
  year = 1979,
  month = "June",
  pages = "2360"}

@article{Karunakaran82:1,
  author = "K. M. Karunakaran and Ralph E. Christoffersen",
  title = "Explicitly Correlated Configuration Interaction Studies Using Spherical {G}aussians. {I}. {T}heoretical Considerations",
  journal = "International Journal of Quantum Chemistry",
  volume = "XXII",
  year = 1982,
  pages = "1"}
  
@article{Karunakaran82:2,
  author = "K. M. Karunakaran and Ralph E. Christoffersen",
  title = "Explicitly Correlated Configuration Interaction Studies Using Spherical {G}aussians. {II}. {E}xploratory Studies an {LiH}",
  journal = "International Journal of Quantum Chemistry",
  volume = "XXII",
  year = 1982,
  pages = "11"}
  
@article{Szalewicz83:1,
  author = "Krzysztof Szalewicz and Bogumil Jeziorski and Hendrik J. Monkhorst and John G. Zabolitzky",
  title = "Atomic and Molecular Correlation Energies with Explicitly Correlated {G}aussian Geminals. {I}. {S}econd-Order Perturbation Treatment for {H}e, {B}e, {H}$_2$, and {LiH}",
  journal = "The Journal of Chemical Physics",
  volume = 78,
  number = 3,
  year = 1983,
  month = "Feburary",
  pages = "1420"}
  
@article{Poshusta83,
  author = "R. D. Poshusta",
  title = "Nonadiabatic {S}inger Polymal Wave Functions for Three-Particle Syatems",
  journal = "International Journal of Quantum Chemistry",
  volume = "XXIV",
  year = 1983,
  pages = "65"}
  
@article{Szalewicz83:2,
  author = "Krzysztof Szalewicz and Bogumil Jeziorski and Hendrik J. Monkhorst and John G. Zabolitzky",
  title = "Atomic and Molecular Correlation Energies with Explicitly Correlated {G}aussian Geminals. {II}. {P}erturbation Treatment Through Third-Order for {He}, {Be}, {H$_2$}, and {LiH}",
  journal = "The Journal of Chemical Physics",
  volume = 79,
  number = 11,
  year = 1983,
  month = "December",
  pages = "5543"}
  
@article{Thuraisngham,
  author = "R. A. Thuraisngham and S. H. M. Nilar",
  title = "Correlated {G}aussian Wavefunctions for the Hydrogen Molecule",
  journal = "Indian Journal of Chemistry",
  volume = "22A",
  year = 1983,
  month = "October",
  pages = "842"}
  
@article{Jeziorski84,
  author = "Bogumil Jeziorski and Hendrik J. Monkhorst and Krzysztof Szalewicz and John G. Zabolitzky",
  title = "Atomic and Molecular Correlation Energies with Explicitly Correlated {G}aussian Geminals. {III}. {C}oupled Cluster Treatment for {He}, {Be}, {H$_2$}, and {LiH}",
  journal = "The Journal of Chemical Physics",
  volume = 81,
  number = 1,
  year = 1984,
  month = "July",
  pages = "368"}

@article{Regier,
  author = "Philip E. Regier and Ajit J. Thakkar",
  title = {Approximate Solutions of the Momentum-Space Integral {S}chr\"{o}dinger},
  journal = "Physical Review A",
  volume = 30,
  number = 1,
  year = 1984,
  month = "July",
  pages = "30"}

@article{Szalewicz84,
  author = "Krzysztof Szalewicz and John G. Zabolitzky and Bogumil Jeziorski and Hendrik J. Monkhorst",
  title = "Atomic and Molecular Correlation Energies with Explicitly Correlated {G}aussian Geminals. {IV}. {A} Simplified Treatment of Strong Orthogonality in {MBPT} and Coupled Cluster Calculations",
  journal = "The Journal of Chemical Physics",
  volume = 81,
  number = 6,
  year = 1984,
  month = "September",
  pages = "2723"}
  
@article{Regier85,
  author = "Philip E. Regier and Ajit J. Thakkar",
  title = "Momentum-Space Properties of Two-Electron Atoms",
  journal = "J. Phys. B: At. Mol. Phys.",
  volume = 18,
  year = 1985,
  pages = "3061"}
  
@article{Wenzel,
  author = "Klaus B. Wenzel and John G. Zabolitzky and Krzysztof Szalewicz and  Bogumil Jeziorski and Hendrik J. Monkhorst",
  title = "Atomic and Molecular Correlation Energies with Explicitly Correlated {G}aussian Geminals. {V}. {C}artesian {G}aussian Geminals and the Neon Atom",
  journal = "The Journal of Chemical Physics",
  volume = 85,
  number = 7,
  year = 1986,
  month = "October",
  pages = "3964"}

@article{Rybak,
  author = "Stanislaw Rybak and Krzysztof Szalewicz and  Bogumil Jeziorski and Michal Jaszunski",
  title = "Intraatomic Correlation Effects for the {He-He} Dispersion and Exchange-Dispersion Energies Using Explicitly Correlated {G}aussian Geminals",
  journal = "The Journal of Chemical Physics",
  volume = 86,
  number = 10,
  year = 1986,
  month = "May",
  pages = "5652"}
  
@article{Kozlowski91,
  author = "Pawel M. Kozlowski and Ludwik Adamowicz",
  title = "An Effective Method for Generating Nonadiabatic Many-Body Wave Functions Using Explicitly Correlated {G}aussian-Type Functions",
  journal = "The Journal of Chemical Physics",  
  volume = 95,
  number = 9,
  year = 1991,
  pages = "6681"}
  
@inbook{Chisholm:tab,
   author = "C. D. H. Chisholm",
   title = "Group Theoretical Techniques in Quantum Chemistry",
   chapter = 6,
   pages = 81,
   publisher = "Academic Press",
   year = 1976}

@inbook{Rutherford,
   author = "D. E. Rutherford",
   title = "Substitutional Analysis",
   chapter = "II",
   pages = 11,
   publisher = "Edinburgh University Press",
   year = 1948}

@inbook{Chisholm:spin,
   author = "C. D. H. Chisholm",
   title = "Group Theoretical Techniques in Quantum Chemistry",
   chapter = 7,
   pages = 98,
   publisher = "Academic Press",
   year = 1976}

@article{Matson70,
  author = "F. A. Matsen",
  title = "Chemistry Without Spin",
  journal = "Journal of The American Chemical Society",
  volume = 92,
  number = 12,
  year = 1970,
  month = "June",
  pages = "3525"}

@article{King90,
   author = "Frederick W. King and Michael P. Bergsbaken",
   title = "High Precision Calculations on the {$^{2}S$} Ground State of the Lithium Atom",
   journal = "The Journal of Chemical Physics",
   volume = 93,
   number = 4,
   year = 1990,
   month = "August",
   pages = "2570"}

@inbook{Friedman,
   author = "Bernard Friedman",
   title = "Principles and Techniques of Applied Mathematics",
   chapter = 2,
   pages = 107,
   publisher = "Dover",
   year = 1990}
   
@article{Poshusta78,
   author = "R. D. Poshusta",
   title = "Singer Polymals. {I}. {E}valuation of Matrix Elements",
   journal = "International Journal of Quantum Chemistry",
   volume = "XIII",
   year = 1978,
   pages = "27"}

@manual{Maple,
   title = "{M}aple {V}",
   organization = "Waterloo Maple Software",
   address = "160 Columbia Street West Waterloo, Ontario, Canada N2L 3L3"}
   
@manual{Mathematica,
   title = "Mathematica",
   organization = "Wolfram Research, Inc.",
   address = "100 Trade Center Drive, Champaign, Illinois 61820-7237 USA"}
   
@inbook{Wilkinson:Ch,
   author = "J.H. Wilkinson and C. Reinsch",
   title = "Handbook for Automatic Computation",
   volume = "II Linear Algebra",
   chapter = "II/10 by R.S. Martin and J.H. Wilkinson",
   pages = 303,
   publisher = "Springer-Verlag",
   year = 1971}

@inbook{Wilkinson:QL,
   author = "J.H. Wilkinson and C. Reinsch",
   title = "Handbook for Automatic Computation",
   volume = "II Linear Algebra",
   chapter = "II/4 by A. Dubrulle, R.S. Martin and J.H. Wilkinson",
   pages = 241,
   publisher = "Springer-Verlag",
   year = 1971}

@inbook{NumRecipes:QL,
   author = "William H. Press and Brian P. Flannery and Saul A. Teukolsky and William T. Vetterling",
   title = "Numerical Recipes in C",
   chapter = "11",
   pages = 377,
   publisher = "Cambridge University Press",
   year = 1988}
 
@inproceedings{Poshusta79:temp,
   author = "R. D. Poshusta",
   title = "Singer Polymals. {II}. {T}empering Methods",
   booktitle = "International Journal of Quantum Chemistry, Quantum Chemistry Symposium No. 13",
   year = 1979,
   pages = 59 }
   
@article{Monkhorst86:temp,
   author = "S. A. Alexander and H. J. Monkhorst and K. Szalewicz",
   title = "Random Tempering of {G}aussian-Type Geminals. {I}. {A}tomic Systems",
   journal = "The Journal of Chemical Physics",
   volume = 85,
   number = 10,
   year = 1986,
   month = "November",
   pages = "5821"}
  
@article{Monkhorst87:temp,
   author = "S. A. Alexander and H. J. Monkhorst and K. Szalewicz",
   title = "Random Tempering of {G}aussian-Type Geminals. {II}. {M}olecular Systems",
   journal = "The Journal of Chemical Physics",
   volume = 87,
   number = 7,
   year = 1987,
   month = "October",
   pages = "3976"}

@inbook{NumRecipes:Powell,
   author = "William H. Press and Brian P. Flannery and Saul A. Teukolsky and William T. Vetterling",
   title = "Numerical Recipes in C",
   chapter = "10",
   pages = 309,
   publisher = "Cambridge University Press",
   year = 1988}
   
@article{Hylleraas29,
   author = "Egil A. Hylleraas",
   title = "Neue Berechnung der Energie des Heliums im Grund-zustande, sowie des tiefsten Terms von Ortho-Helium",
   journal = {Zeitschrift f\"{u}r Physik},
   volume = 54,
   year = 1929,
   pages = "347"}
   
@article{King89,
   author = "Frederick W. King and Michael P. Bergsbaken",
   title = "Calculations on the {$^{2}S$} Ground States of some Members of the {Li}{\sc i} isoelectronic series",
   journal = "Physical Review A",
   volume = 40,
   number = 4,
   year = 1989,
   month = "August",
   pages = "1735"}

@inproceedings{Clementi,
   author = "E. Clementi and S. J. Chakravorty and G. Corongiu and V. Sonnad",
   title = "Independent Electron Models: {H}artree-{F}ock for Many-Electron Atoms",
   booktitle = "Modern Techniques in Computationsl Chemistry {MOTECC-90}",
   editor = " Enrico Clementi",
   publisher = "ESCOM",
   year = 1990,
   pages = 65 }
   
@article{Muszynska,
   author = "J. Muszy\'{n}ska and D. Papierowska and J. Pipin and W. Wo\'{z}nicki",
   title = "Bounds to Atomic Properties: Electric Polarizabilites of Lithium Isoelectronic Sequence Ions",
   journal = "International Journal of Quantum Chemistry",
   volume = "XXII",
   year = 1982,
   pages = "1153"}

@article{Ho89,
   author = "Y. K. Ho",
   title = "Resonant States of Positronium Molecules",
   journal = "Physical Review A",
   volume = 39,
   number = 5,
   year = 1989,
   month = "March",
   pages = "2709"}
   
@misc{Pawal,
   author = "Pawal M. Kozlowski and Ludwik Adamowicz",
   title = "Newton-{R}aphson Optimization of the Many-Body Nonadiabatic Wave Function Expressed in Terms of Explicitly Correlated {G}aussian Functions",
   howpublished = "Pre-Print",
   month = "May",
   year = 1992}
   
   
@inproceedings{Mills,
   author = "{Mills Jr.}, A. P.",
   title = "Techniques for Studing Systems Containing Many Positrons",
   booktitle = "Positron Scattering in Gases NATO ASI Series",
   editor = "John W. Humberston and M. R. C. McDowell",
   publisher = "Plenum",
   year = 1984,
   pages = 121 }
   
   
@misc{Ron:ints,
   author = "R. D. Poshusta",
   month = "April",
   year = 1992,
   note = "The integral formulas presented were taken from unpublished notes of R.D. Poshusta"}
   
@inbook{AandS,
   author = "Milton Abramowitz and Irene A. Stegun",
   title = "Handbook of Mathematical Functions",
   chapter = "6",
   pages = 255,
   publisher = "Dover",
   year = 1972}  
   
@book{NumRecipes,
   author = "William H. Press and Brian P. Flannery and Saul A. Teukolsky and William T. Vetterling",
   title = "Numerical Recipes in {C}",
   publisher = "Cambridge University Press",
   year = 1988} 
   
@manual{IBM,
   title = "IBM System/370 Principles of Operation",
   organization = "IBM",
   note = " see pages A-5, A-6",
   year = 1984}  
   
@manual{NextAnswers,
   title = "Nextanswers June 1992 QA554",
   organization = "NeXT",
   note = "This is from the NeXT Question and Answer data base accessible through the Digital Librarian on the NeXT computer",
   year = 1992}
   
   
@inproceedings{Griffin,
   author = "James J. Griffin",
   title = "Quadronium: Rosetta Stone for the $e^{+}e^{-}$ Puzzle", 
   booktitle = "Proc. Fifth Int. Conf. Clustering Aspects in Nucl. and Subnucl. Systems",
   year = "1989",
   pages = "427-433",
   publisher = "J. Phys. Soc. Jpn. 58 Suppl."}
   
@article{Cowan,
   author = "T. Cowan and H. Backe and K. Bethge and H. Bokemeyer and H. Folger and J.S. Greenberg and K. Sakaguchi and D. Schwalm and J. Schweppe and K. E. Stiebing and P. Vincent",
   title = "Observation of Correlated Narrow-Peak Structures in Positron and Electron Spectra from Superheavy Collision systems",
   journal = "Phys. Rev. Lett.",
   volume = 56,
   year = 1986,
   pages = "444"}
   
@mastersthesis{Kinghorn,
   author = "Donald B. Kinghorn",
   title = "Nonadiabatic Variational Calculations on Dipositronium
 			and Lithium Atom using Explicitly Correlated Gaussian Basis Functions",
   school = "Washington State University",
   year = "1992",
   month = "August"}

@book{Hamermesh,
   author = "Morton Hamermesh",
   title = "Group Theory and its Application to Physical Problems",
   publisher = "Addison-Wesley",
   year = 1962} 
   
   
@book{Goldstein,
   author = "Herbert Goldstein",
   title = "Classical Mechanics",
   edition = "Second",
   publisher = "Addison-Wesley",
   year = 1981}
   

@article{Haftel94,
   author = "M. I. Haftel and V. B. Mandelzweig",
   title = "Nonvariational Calculation of the Relativistic and Finite-size 
            corrections for the Helium Ground State",
   journal = "Physical Review A",
   volume = 49,
   number = 5,
   year = 1994,
   month = "May",
   pages = "3344"}
   
   
   
   
