

@article{Martin93,
    author = "J. M. L. Martin and Timothy J. Lee",
    title = "An Accurate ab Initio Quartic Force Field for Formaldehyde
		and Its Isotopomers",
    journal = "Journal of Molecular Spectroscopy",
    volume = 160,
    year = 1993,
    pages = "105"}

@article{Lee95a,
    author = "Timothy J. Lee and Jan M. L. Martin and Peter R. Taylor",
    title = "An Accurate ab Initio Quartic Force Field and Vibrational Frequencies
            for {CH$ _{4}$} and Isotopomers",
    journal = "The Journal of Chemical Physics",
    volume = 102,
    number = 1,
    month = "January",
    year = 1995,
    pages = "254"}

@article{Dateo94,
    author = "Christopher E. Dateo and Timothy J. Lee and David W. Schwenke",
    title = "An Accurate Ab Initio Quartic Force Field and Vibrational Frequencies
            for {HNO} and {DNO}",
    journal = "The Journal of Chemical Physics",
    volume = 101,
    number = 7,
    month = "October",
    year = 1994,
    pages = "5853"}

@article{Martin95,
    author = "Jan M. L. Martin and Timothy J. Lee and Peter R. Taylor and
                Jean-Pierre Fran\c{c}ois",
    title = "An Anharmonic Force Field of Ethylene, {C$ _{2}$H$ _{4}$}, by Means 
                of Accurate {\em ab initio} calculations",
    journal = "The Journal of Chemical Physics",
    volume = 103,
    number = 7,
    month = "August",
    year = 1995,
    pages = "2589"}

@article{Lee95b,
    author = "Timothy J. Lee and Jan M. L. Martin and Christopher E. Dateo 
                and Peter R. Taylor",
    title = "Accurate {\em ab initio} Quartic Force Fields, Vibrational Frequencies,
                and Heats of Formation for {FCN, FNC, ClCN, and ClNC}",
    journal = "The Journal of Physical Chemistry",
    volume = 99,
    number = 43,
    year = 1995,
    pages = "15858"}

@article{Bowman93,
    author = "Joel M. Bowman and Bela Gazdy and Joseph A. Bentley and
                Timothy J. Lee  and Christopher E. Dateo",
    title = "{\em Ab initio} Calculation of a Global Potential, Vibrational
                Energies, and Wave Functions for {HCN/HNC}, and a Simulation
                of the {\~{A}- \~{X} } Emission Spectrum",
    journal = "The Journal of Chemical Physics",
    volume = 99,
    number = 1,
    year = 1993,
    pages = "308"}

@article{Morse29,
    author = "Philip M. Morse",
    title = "Diatomic Molecules According to the Wave Mechanics. II.
                Vibrational Levels",
    journal = "Physical Review",
    volume = 34,
    month = "July",
    year = 1929,
    pages = "57"}

@article{Kolos65,
    author = "W. Kolos and L. Wolniewicz",
    title = "Potential-Energy Curves for the $ X ^{1}\Sigma^{+}_{g} $,
                $ b ^{3}\Sigma^{+}_{u} $ and $ ^{1}\Pi_{u} $ 
                States of the Hydrogen Molecule",
    journal = "The Journal of Chemical Physics",
    volume = 43,
    number = 7,
    month ="October",
    year = 1965,
    pages = "2429"}


@article{Wolniewicz66,
    author = "L. Wolniewicz",
    title = "Vibrational-Rotational Study of the Electronic Ground
                State of the Hydrogen Molecule",
    journal = "The Journal of Chemical Physics",
    volume = 45,
    number = 2,
    month ="July",
    year = 1966,
    pages = "515"}

@article{LeRoy68,
    author = "Robert J. Le{R}oy and Richard B. Bernstein",
    title = "Dissociation Energy and Vibrational Terms of 
            Ground-State $ (X ^{1}\Sigma^{+}_{g}) $ Hydrogen",
    journal = "The Journal of Chemical Physics",
    volume = 49,
    number = 10,
    month ="November",
    year = 1968,
    pages = "4312"}

@article{Varga96,
    author = "K. Varga and Y. Suzuki",
    title = "Stochastic Variational Method with a Correlated Gaussian Basis",
    journal = "Physical Review A",
    volume = 53,
    number = 3,
    month ="March",
    year = 1996,
    pages = "1907"}

@article{Varga95,
    author = "K. Varga and Y. Suzuki",
    title = "Precise Solution of Few-Body Problems with the 
                Stochastic Variational Method of a Correlated Gaussian Basis",
    journal = "Physical Review A",
    volume = 52,
    number = 6,
    month ="December",
    year = 1995,
    pages = "2885"}

@techreport{LeRoy95,
    author = "Robert J. Le{R}oy",
    title = "{LEVEL 6.0} A Computer Program for Bound and Quasibound Levels,
                and Calculating Various Expectation Values and Matrix Elements",
    institution = "University of Waterloo"'
    type = "Chemical Physics Reasearch Report",
    year = 1995,
    note = "e-mail leroy@UWaterloo.ca" }

@misc{Hutson93,
    author = "J. M. Hutson",
    title = "{BOUND}: A program for calculating bound-state energies
             for weakly bound molecular complexes, 
                version 1 (1984) to version 5 (1993)",
    howpublished = "Computational Project No. 6 of the Science and Engineering 
                    Research Council, on Heavy Particle Dynamics",
    year = 1993,
    note = "e-mail: J.M.Hutson@durham.ac.uk"}

@book{Murrell84,
    author = "J. N. Murrell and S. Carter and S. C. Farantos and P. Huxley
                and A. J. C. Varandas",
    title = "Molecular Potential Evergy Functions",
    publisher = "John Wiley",
    address = "Chichester",
    year = 1984}

@book{Searles93,
    author = "D. Searles and E. {von Nagy-Felsobuki}",
    title = "Ab Initio Variational Calculations of Molecular 
                Vibrational-Rotational Spectra",
    publisher = "Springer-Verlag",
    address = "Berlin",
    year = 1993}

@book{Mezey87,
    author = "Paul G. Mezey",
    title = "Potential Energy Hypersurfaces",
    publisher = "Elsevier",
    address = "Amsterdam",
    year = 1987}

@incollection{Bartlett95,
    author = "R. J. Bartlett",
    editor = "D. R. Yarkony",
    title = "Coupled-Cluster Theory: An Overview of Recent Developments",
    booktitle = "Modern Electronic Structure Theory",
    publisher = "World Scientific",
    address = "Singapore",
    year = 1995}

@book{Forsythe77,
    author = "G. E. Forsythe",
    title = "Computer methods for mathematical computations",
    publisher = "Prentice-Hall",
    address = "Englewood Cliffs, N.J.",
    year = 1977}

@article{Kinghorn96a,
    author = "Donald B. Kinghorn and Ludwik Adamowicz",
    title = "The Electron Affinity of Hydrogen, Deuterium, and Tritium.
                A Non-Adiabatic Variational Calculation Using 
                Explicitly Correlated {G}aussian Basis Functions",
    journal = "International Journal of Quantum Chemistry",
    year = 1996,
    note = "in press"}

@article{Bentley92,
    author = "Joseph A. Bentley and Joel M. Bowman and Bela Gazdy",
    title = "A Global ab initio Potential for {HCN/HNC}, Exact Vibrational
                Energies, and Comparison to Experiment",
    journal = "Chemical Physics Letteres",
    volume = 198,
    number = 6,
    month ="October",
    year = 1992,
    pages = "563"}

@article{Bowman75,
    author = "Joel M. Bowman and Aron Kuppermann",
    title = "A Semi-Numerical Approach to the Construction and Fitting of
                Triatomic Potential Energy Surfaces",
    journal = "Chemical Physics Letteres",
    volume = 34,
    number = 3,
    month ="August",
    year = 1975,
    pages = "523"}

@article{Pardo86,
    author = "A. Pardo and J. J. Camacho and J. M. L. Poyato",
    title = "Pad\'{e}-Approximant Method and its Applications in the
                    Construction of Potential-Energy Curves for the 
                    Lithium Hydride Molecule",
    journal = "Chemical Physics Letteres",
    volume = 131,
    number = 6,
    month ="November",
    year = 1986,
    pages = "490"}

@article{Jorish79,
    author = "V. S. Jorish and N. B. Shcherbak",
    title = "Pad\'{e}-Approximant Representation and Improvment of Empirical
                Potentials of Diatomic Molecules",
    journal = "Chemical Physics Letteres",
    volume = 67,
    number = 1,
    month ="November",
    year = 1979,
    pages = "160"}

@article{Thakkar75,
    author = "Ajit Thakkar",
    title = "A New Generalized Expansion for the Potential Energy Curves of 
                Diatomic Molecules",
    journal = "The Journal of Chemical Physics",
    volume = 62,
    number = 5,
    month ="March",
    year = 1975,
    pages = "1693"}

@article{Huffaker76,
    author = "J. N. Huffaker",
    title = "Diatomic Molecules as Perturbed {M}orse Oscillators. I. energy Levels",
    journal = "The Journal of Chemical Physics",
    volume = 64,
    number = 8,
    month ="April",
    year = 1976,
    pages = "3175"}

@article{Jordan74,
    author = "K. D. Jordan and J. L. Kinsey and R. Silbey",
    title = "Use of Pade Approximants in the Construction of Diabatic Potential
                Energy Curves for Ionic Molecules",
    journal = "The Journal of Chemical Physics",
    volume = 61,
    number = 3,
    month ="August",
    year = 1974,
    pages = "911"}

@article{Sonnleitner81,
    author = "Stephanie A. Sonnleitner and Charles L. Beckel and Anthony J. Colucci
                and E. Rodney Scaggs",
    title = "Rational Fraction Representation of Diatomic Vibrational Potentials.
                V. The $ 3d\sigma_{g}$ State of $ H_{2}^{+}$",
    journal = "The Journal of Chemical Physics",
    volume = 75,
    number = 4,
    month ="August",
    year = 1981,
    pages = "2018"}

@article{Koizumi91,
    author = "Hiroyasu Koizumi and George C. Schatz",
    title = "A Coupled Channel Study of $ NH_{2} $ Unimolecular Decay Based
                on a Global Potential Surface",
    journal = "The Journal of Chemical Physics",
    volume = 95,
    number = 6,
    month ="September",
    year = 1991,
    pages = "4130"}

@article{Sathyamurthy75,
    author = "N. Sathyamurthy and L. M. Raff",
    title = "Quasiclassical Trajectory Studies Using 3D Spline Interpolation
                of {\em ab initio} Surfaces",
    journal = "The Journal of Chemical Physics",
    volume = 63,
    number = 1,
    month ="July",
    year = 1975,
    pages = "464"}

@article{Simons73,
    author = "Gary Simons and Robert G. Parr and J. Michael Finlan",
    title = "New Alternative to the {D}unham Potential for Diatomic Molecules",
    journal = "The Journal of Chemical Physics",
    volume = 59,
    number = 6,
    month ="September",
    year = 1973,
    pages = "3229"}

@article{Bruehl88,
    author = "Margaret Bruehl and George Schatz",
    title = "Theoretical Studies of Collisional Energy Transfer in Highly
             Excited Molecules: Temperature and Potential Surfase Dependence
                of Relaxation in {He, Ne, Ar + CS$ _{2}$ }",
    journal = "The Journal of Physical Chemistry",
    volume = 92,
    year = 1988,
    pages = "7223"}

@article{Vergiri88,
    author = "A. Vegiri and S. C. Farantos",
    title = "Ab Initio Potential Energy Surfaces of $ He(^{1}S) + OH(X^{2}\Pi) $
                and $ He(^{1}S) + OH(A^{2}\Sigma^{+}) $",
    journal = "The Journal of Physical Chemistry",
    volume = 92,
    year = 1988,
    pages = "2723"}

@article{Dunne87,
    author = "Simon J. Dunne and Debra J. Searles and Ellak I. {von Nagy-Felsobuki}",
    title = "{\em Ab initio} Model of the Raman Spectrum of $ Li_{3}^{+}$: 
                Breathe Mode Frequencies",
    journal = "Spectrochimica Acta",
    volume = "43A",
    number = 5,
    year = 1987,
    pages = "699"}

@article{Connor75,
    author = "J. N. L. Connor and W. Jakubetz and J Manz",
    title = "Exact Quantum Transition Probabilities by the State Path Sum
                Method: Collinear {F+H$ _{2}$} Reaction",
    journal = "Molecular Physics",
    volume = 29,
    number = 2,
    year = 1975,
    pages = "347"}

@article{Carter82,
    author = "S. Carter and I. M. Mills and J. N. Murrell and A.; J. C. Varandas",
    title = "Analytical Potentials for Triatomic Molecules {IX.} The 
                Prediction of Anharmonic Force Constants from Potential
                Energy Surfaces Based on Harmonic Force Fields and Dissociation
                Energies for {SO$ _{2}$ and O$ _{3}$ }",
    journal = "Molecular Physics",
    volume = 45,
    number = 5,
    year = 1982,
    pages = "1053"}

@article{Sorbie75,
    author = "K. S. Sorbie and J. N. Murrell",
    title = "Analytical Potentials for Triatomic Molecules from Spectroscopic Data",
    journal = "Molecular Physics",
    volume = 29,
    number = 5,
    year = 1975,
    pages = "1387"}

@article{Whitehead76,
    author = "R. J. Whitehead and N. C. Handy",
    title = "Variational Calculation of Low-Lying and excited Vibrational
                Levels of the Water Molecule",
    journal = "Journal of Molecular Spectroscopy",
    volume = 59,
    year = 1976,
    pages = "459"}

@article{Malik80,
    author = "David J. Malik and Joseph Eccles and Don Secrest",
    title = "On Quantal Bound State Solutions and Potential Energy Surface
                Fitting. A Comparison of the Finite Element,
                Numerov-Cooley and Finite Difference Methods",
    journal = "Journal of Computational Physics",
    volume = 38,
    year = 1980,
    pages = "157"}

@article{Dunham32a,
    author = "J. L. Dunham",
    title = "The {W}entzel-{B}rillouin-{K}ramers Method of Solving the
                Wave Equation",
    journal = "Physical Review",
    volume = 41,
    month = "September",
    year = 1932,
    pages = "713"}

@article{Dunham32b,
    author = "J. L. Dunham",
    title = "energy Levels of a Rotating Vibrator",
    journal = "Physical Review",
    volume = 41,
    month = "September",
    year = 1932,
    pages = "721"}

@article{Ogilvie81,
    author = "J. F. Ogilvie",
    title = "A General Potential energy Function for Diatomic Molecules",
    journal = "Proceeding of the Royal Society London A",
    volume = 378,
    year = 1981,
    pages = "287"}

@article{SutcliffeTennyson87,
    author = "Brian T. Sutcliffe and Jonathan Tennyson",
    title = "Variational Methods for the Calculation of Rovibrational
                Energy Levels of Small Molecules",
    journal = "Journal of the Chemical Society Faraday Transactions 2",
    volume = 83,
    number = 9,
    year = 1987,
    pages = "1663"}

@article{Jensen88,
    author = "Per Jensen",
    title = "A New {M}orse Oscillator-Rigid Bender Internal Dynamics ({MORBID})
                {H}amiltonian for Triatomic Molecules",
    journal = "Journal of Molecular Spectroscopy",
    volume = 128,
    year = 1988,
    pages = "478"}

@article{Watson68,
    author = "James K. G. Watson",
    title = "Simplification of the Molecular Vibration-Rotation Hamiltonian",
    journal = "Molecular Physics",
    volume = 15,
    nimber = 5,
    year = 1968,
    pages = "479"}

@article{WilsonHoward36,
    author = "E. B. Wilson and J. B. Howard",
    title = "The Vibration-Rotation energy Levels of Polyatomic Molecules. 
                I. Mathjematical Theory of Semirigid Asymmetrical Top Molecules",
    journal = "The Journal of Chemical Physics",
    volume = 4,
    month ="April",
    year = 1936,
    pages = "260"}

@article{Eckart35,
    author = "Carl Eckart",
    title = "Some Studies Concerning Rotating Axes and Polyatomic Molecules",
    journal = "Physical Review",
    volume = 47,
    month ="April",
    year = 1935,
    pages = "552"}

@book{Biedenharn81,
    author = "L. C. Biedenharn and J. D. Louck",
    title = "Angular Momentum in Quantum Physics. Theory
                and Application",
    series = "Encyclopedia of Mathematics and Its Applications",
    publisher = "Addison-{W}esley",
    address = "Reading, {MA}",
    year = 1981}


